 
@Article{choupauvert06,
  author = 	 {Michel Choupauvert and Gui Liguili and John Deuf},
  title = 	 {De l'art du monsieur et madame},
  journal = 	 {Journal of flat jokes},
  year = 	 {2006},
  volume = 	 {1},
  number = 	 {14},
  pages = 	 {123--178},
}

@InProceedings{photo97,
  author = 	 {Thomas Phototetedemort},
  title = 	 {Essai sur la structure cataphorique des blagues vaseuses},
  booktitle = {Actes de LIMFR'97: Linguistique Inutile Mais ça Fait Rien},
  pages = 	 {267--2735},
  year = 	 {1997},
  editor = 	 {Springer-Verlag}
}

@Book{deukyl20,
  author = 	 {\'Etienne Deukyl and Annick Deukyl},
  title = 	 {Peut-on rire des patronymes~?},
  publisher = 	 {Presses Universitaires},
  year = 	 {1920},
  series = 	 {L'humour en marche},
  edition = 	 {troisi\`eme},
}

@InCollection{blagues,
  author = 	 {J\'esus Form and Hans Form and Hubert Form},
  title = 	 {Approche neuro-anatomique du calembour patronymique},
  booktitle = 	 {Anatomie de la gal\'ejade clownesque},
  pages = 	 {23--38},
  publisher = {Fernand-Nathan},
  year = 	 {2007},
  editor = 	 {G\'ed\'eon Teuzpan\c c\'e and Jean-Philippe Hérbien}
}

@PhdThesis{serieux,
  author = 	 {Simon Cussonnet},
  title = 	 {De l'effet pervers de certaines plaisanteries quand on porte un nom qui prête à rire},
  school = 	 {Centre psychothérapique pour la revalorisation de la personne},
  year = 	 {1991}
}

